@article{fielding2002principled,
  title={Principled design of the modern Web architecture},
  author={Fielding, Roy T and Taylor, Richard N},
  journal={ACM Transactions on Internet Technology (TOIT)},
  volume={2},
  number={2},
  pages={115--150},
  year={2002},
  publisher={ACM}
}

@article{vlissides1995design,
  title={Design patterns: Elements of reusable object-oriented software},
  author={Vlissides, John and Helm, R and Johnson, R and Gamma, E},
  journal={Reading: Addison-Wesley},
  volume={49},
  pages={120},
  year={1995}
}

@inproceedings{sims1981scat,
  title={SCAT The Sydney Co-ordinated Adaptive Traffic System},
  author={Sims, A},
  booktitle={Symposium on Computer Control of Transport},
  pages={22--26},
  year={1981}
}

@article{hunter2012probe,
  title={A probe-vehicle-based evaluation of adaptive traffic signal control},
  author={Hunter, Michael P and Wu, Seung Kook and Kim, Hoe Kyoung and Suh, Wonho},
  journal={Intelligent Transportation Systems, IEEE Transactions on},
  volume={13},
  number={2},
  pages={704--713},
  year={2012},
  publisher={IEEE}
}